<record><leader>00000cas a22000007a 4500</leader><controlfield tag="001">17989568</controlfield><controlfield tag="008">880523d18741880ohuwr ne      0   a0eng d</controlfield><datafield ind1=" " ind2=" " tag="010"><subfield code="a">sn 88078580 </subfield></datafield><datafield ind1=" " ind2=" " tag="040"><subfield code="a">ONP</subfield><subfield code="b">eng</subfield><subfield code="c">ONP</subfield><subfield code="d">OCLCQ</subfield><subfield code="d">DLC</subfield><subfield code="d">OCLCF</subfield></datafield><datafield ind1="0" ind2=" " tag="022"><subfield code="a">2327-4956</subfield><subfield code="2">1</subfield></datafield><datafield ind1=" " ind2=" " tag="042"><subfield code="a">msc</subfield><subfield code="a">nsdp</subfield></datafield><datafield ind1=" " ind2=" " tag="043"><subfield code="a">n-us-oh</subfield></datafield><datafield ind1="0" ind2="0" tag="050"><subfield code="a">Newspaper</subfield></datafield><datafield ind1="0" ind2="0" tag="082"><subfield code="a">071</subfield><subfield code="2">23</subfield></datafield><datafield ind1="0" ind2=" " tag="130"><subfield code="a">Ashtabula telegraph (Ashtabula, Ohio : 1874)</subfield></datafield><datafield ind1=" " ind2="0" tag="222"><subfield code="a">Ashtabula telegraph</subfield><subfield code="b">(Ashtabula, Ohio. 1874. Print)</subfield></datafield><datafield ind1="1" ind2="0" tag="245"><subfield code="a">Ashtabula telegraph.</subfield></datafield><datafield ind1=" " ind2=" " tag="260"><subfield code="a">Ashtabula, Ohio :</subfield><subfield code="b">James Reed &amp; Son,</subfield><subfield code="c">1874-</subfield></datafield><datafield ind1=" " ind2=" " tag="310"><subfield code="a">Weekly</subfield></datafield><datafield ind1="0" ind2=" " tag="362"><subfield code="a">Vol. 25, no. 1 (Jan. 3, 1874)-</subfield></datafield><datafield ind1="1" ind2=" " tag="362"><subfield code="a">Ceased in 1880.</subfield></datafield><datafield ind1=" " ind2=" " tag="530"><subfield code="a">Archived issues are available in digital format as part of the Library of Congress Chronicling America online collection.</subfield></datafield><datafield ind1=" " ind2="0" tag="651"><subfield code="a">Ashtabula (Ohio)</subfield><subfield code="v">Newspapers.</subfield></datafield><datafield ind1=" " ind2="7" tag="655"><subfield code="a">Newspapers.</subfield><subfield code="2">fast</subfield><subfield code="0">(OCoLC)fst01423814</subfield></datafield><datafield ind1=" " ind2="7" tag="651"><subfield code="a">Ohio</subfield><subfield code="z">Ashtabula.</subfield><subfield code="2">fast</subfield><subfield code="0">(OCoLC)fst01222895</subfield></datafield><datafield ind1=" " ind2=" " tag="752"><subfield code="a">United States</subfield><subfield code="b">Ohio</subfield><subfield code="c">Ashtabula</subfield><subfield code="d">Ashtabula.</subfield></datafield><datafield ind1="1" ind2=" " tag="776"><subfield code="t">Ashtabula telegraph (Ashtabula, Ohio : 1874 : Online)</subfield><subfield code="x">2327-4964</subfield><subfield code="w">(DLC)  2013218652</subfield><subfield code="w">(OCoLC)830540622</subfield></datafield><datafield ind1="0" ind2="0" tag="780"><subfield code="t">Ashtabula weekly telegraph (Ashtabula, Ohio : 1853)</subfield><subfield code="x">2327-140X</subfield><subfield code="w">(DLC)sn 83035216</subfield><subfield code="w">(OCoLC)9603387</subfield></datafield><datafield ind1="0" ind2="0" tag="785"><subfield code="t">Ashtabula weekly telegraph (Ashtabula, Ohio : 1880)</subfield><subfield code="x">2327-4980</subfield><subfield code="w">(DLC)sn 88078581</subfield><subfield code="w">(OCoLC)17989573</subfield></datafield><datafield ind1="4" ind2="1" tag="856"><subfield code="u">http://www.loc.gov/chroniclingamerica/lccn/sn88078580/issues</subfield></datafield></record>